% This file was created with JabRef 2.10.
% Encoding: UTF8


@Book{F.2012,
  Title                    = {Edición de Textos Científicos con Latex - Composición, Diseño Editorial, Gráficos, Inkscape, Tikz y Presentaciones BLatex},
  Author                   = {Walter Mora and Alexánder Borbón},
  Date                     = {2012-02-21},
  Year                     = {2012},
  Edition                  = {2da Edición},
  Publisher                = {Escuela de Matemática Instituto Tecnológico de Costa Rica},
  Url                      = {http://www.matematica.ciens.ucv.ve/files/Manuales/Manuales/LaTeX%20-%20Edicion%20de%20textos%20cientificos%20LaTeX%202012-%20Mora.%20W,%20Borbon.%20A.pdf}
}

@Book{Oetiker2014,
  Title                    = {The Not So Short Introduction to Latex2e},
  Author                   = {Tobias Oetiker and Hubert Partl and Irene Hyna and Elisabeth Schlegl},
  Date                     = {2014-04},
  Year                     = {2014},
  Url                      = {http://www.ctan.org/tex-archive/info/lshort/english/}
}

@Book{Talbot,
  Title                    = {Using Latex to Write a PhD Thesis},
  Author                   = {Nicola L. C. Talbot},
  Date                     = {2013-03},
  Year                     = {2013},
  Publisher                = {Dickimaw Books},
  Url                      = {http://www.dickimaw-books.com/latex/thesis/}
}

